@Manual{citeR,
    title = {R: A Language and Environment for Statistical Computing},
    author = {{R Core Team}},
    organization = {R Foundation for Statistical Computing},
    address = {Vienna, Austria},
    year = {2021},
    url = {https://www.R-project.org/},
  }

@Article{citetidyverse,
    title = {Welcome to the {tidyverse}},
    author = {Hadley Wickham and Mara Averick and Jennifer Bryan and Winston Chang and Lucy D'Agostino McGowan and Romain François and Garrett Grolemund and Alex Hayes and Lionel Henry and Jim Hester and Max Kuhn and Thomas Lin Pedersen and Evan Miller and Stephan Milton Bache and Kirill Müller and Jeroen Ooms and David Robinson and Dana Paige Seidel and Vitalie Spinu and Kohske Takahashi and Davis Vaughan and Claus Wilke and Kara Woo and Hiroaki Yutani},
    year = {2019},
    journal = {Journal of Open Source Software},
    volume = {4},
    number = {43},
    pages = {1686},
    doi = {10.21105/joss.01686},
  }

@Book{citeggplot2,
    author = {Hadley Wickham},
    title = {ggplot2: Elegant Graphics for Data Analysis},
    publisher = {Springer-Verlag New York},
    year = {2016},
    isbn = {978-3-319-24277-4},
    url = {https://ggplot2.tidyverse.org},
  }

@Manual{dplyr,
    title = {dplyr: A Grammar of Data Manipulation},
    author = {Hadley Wickham and Romain François and Lionel Henry and Kirill Müller},
    year = {2021},
    note = {R package version 1.0.3},
    url = {https://CRAN.R-project.org/package=dplyr},
  }

@Manual{janitor,
  title = {janitor: Simple Tools for Examining and Cleaning Dirty Data},
  author = {Sam Firke},
  year = {2021},
  note = {R package version 2.1.0},
  url = {https://cran.r-project.org/package=janitor},
}

@Manual{knitr,
  title = {knitr: A General-Purpose Package for Dynamic Report
  Generation in R},
  author = {Yihui Xie},
  year = {2021},
  note = {R package version 1.37},
  url = {https://yihui.org/knitr/},
}

@Manual{opendatatoronto,
    title = {opendatatoronto: Access the City of Toronto Open Data Portal},
    author = {Sharla Gelfand},
    year = {2020},
    note = {R package version 1.2.0},
    url = {https://CRAN.R-project.org/package=opendatatoronto},
  }
  
@Article{lubridate,
  title = {Dates and Times Made Easy with {lubridate}},
  author = {Garrett Grolemund and Hadley Wickham},
  journal = {Journal of Statistical Software},
  year = {2011},
  volume = {40},
  number = {3},
  pages = {1--25},
  url = {https://www.jstatsoft.org/v40/i03/},
}

@article{languageservices,
  title = {Paramedic Services 911 Language Interpretation},
  author = {Toronto Open Data},
  year = {2022},
  publisher = {Toronto Paramedic Services},
  url = {https://open.toronto.ca/dataset/paramedic-services-911-language-interpretation/}
}

@article{Dreisbach2020,
  doi = {10.1093/pubmed/fdaa178},
  url = {https://doi.org/10.1093/pubmed/fdaa178},
  year = {2020},
  month = oct,
  publisher = {Oxford University Press ({OUP})},
  volume = {43},
  number = {2},
  pages = {e248--e249},
  author = {Jeconiah Louis Dreisbach and Sharon Mendoza-Dreisbach},
  title = {The integration of emergency language services in {COVID}-19 response: a call for the linguistic turn in public health},
  journal = {Journal of Public Health}
}

@Manual{kableExtra,
    title = {kableExtra: Construct Complex Table with 'kable' and Pipe Syntax},
    author = {Hao Zhu},
    year = {2020},
    note = {R package version 1.3.1},
    url = {https://CRAN.R-project.org/package=kableExtra},
  }
  
@misc{toronto2021census,
    title = {2021 Census Backgrounder Language},
    author = {City of Toronto},
    year = {2021},
    url = {https://www.toronto.ca/wp-content/uploads/2022/08/868f-2021-Census-Backgrounder-Language-FINAL.pdf}
}